@book{tanenbaum2016,
  	author = {A. Tanenbaum},
  	title = {Moderne Betriebssysteme},
  	year = {2016},
  	publisher = {Pearson},
  	location = {Hallbergmoos},
  	edition = {4}
  	}
@book{rechenberg2000,
	author = {P. Rechenberg},
	title = {Was ist Informatik},
	year = {2000},
	publisher = {Hanser},
	location = {München, Deutschland und Wien, Österreich}
	}
	
@book{sommer2002,
	author = {H.-P. Gumm, M. Sommer},
	title = {Einführung in die Informatik},
	year = {2002},
	publisher = {R. Oldenbourg Wissenschaftsverlag},
	location = {München}
	}
	
@book{sturm2001,
	author = {J. Nehmer, P. Sturm},
	title = {Grundlagen moderner Bertriebssysteme},
	year = {2001},
	publisher = {dpunkt.verlag},
	location = {Heidelberg},
	edition = {2}
	}
	
@book{baun2017,
	author = {C. Baun},
	title = {Betriebssysteme kompakt},
	year = {2017},
	publisher = {Springer-Verlag},
	location = {Berlin},
	edition = {2}
	}
	
@book{mandl2020,
	author = {P. Mandl},
	title = {Grundkurs Betriebssysteme},
	year = {2020},
	publisher = {Springer-Vieweg},
	location = {Wiesbaden},
	edition = {5}
	}
	
@online{philosophers,
	author = {Wikipedia},
	title  = {Aufbau des Philosophenproblems},
	url		= {"https://de.wikipedia.org/wiki/Philosophenproblem"},
	urldate = {2020-12-31},
	note   = {Letzter Stand 31.12.2020, 13:21}
}
	
@online{bug,
	author = {Panagiotis Kolokythas},
	title  = {Windows 10: Update-Bug sorgt für hohe CPU-Auslastung},
	url		= {https://www.pcwelt.de/news/Windows-10-Update-Bug-sorgt-fuer-hohe-CPU-Auslastung-10657717.html},
	urldate = {2020-11-22},
	note   = {Letzter Stand 22.11.2020, 15:02}}
	
@online{lock,
	author = {},
	title  = {multiprocessing- Process-based parallelism},
	url		= {https://docs.python.org/3/library/multiprocessing.html},
	urldate = {2020-11-22},
	note   = {Letzter Stand 27.12.2020, 10:16}}

@online{sleep,
	author = {},
	title  = {time- Time access and conversions},
	url		= {https://docs.python.org/3/library/time.html},
	urldate = {2020-12-29},
	note   = {Letzter Stand 29.12.2020, 11:01}}


@misc{GIL,
	author = {Thomas Wouters},
	title  = {Python Documentation, GlobalInterpreterLock},
	url		 = {https://wiki.python.org/moin/GlobalInterpreterLock},
	note   = {Letzter Stand 06.10.2020}
}

@misc{Harvard,
	title = {Stackoverflow},
	url = {https://tex.stackexchange.com/questions/470136/how-to-obtain-harvard-referencing-style-with-page-numbers},
	note = {Sowas nicht als Quelle verwenden!}
}
