@MISC{philosophers,
    author = {{}},
    title = {},
    year = {},
    note = {},
    url = {https://www.google.com/search?q=speisende+Philosophen&client=ubuntu&hs=j6J&channel=fs&source=lnms&tbm=isch&sa=X&ved=2ahUKEwi2xa2qi_jtAhWhxIUKHepOD0cQ_AUoAXoECAoQAw&biw=960&bih=979#imgrc=dZpRUFvVQ549gM&imgdii=ao_fpBilDmqi5M}
